@book{knuth1998art,
  title={The art of computer programming: sorting and searching},
  author={Knuth, Donald Ervin},
  volume={3},
  year={1998},
  publisher={Pearson Education}
}

@misc{wiki,
    title = {Wikipedia},
    howpublished = {\url{https://www.wikipedia.org/}}
}

@book{clrs,
  title={Introduction to algorithms},
  author={Cormen, Thomas H and Leiserson, Charles E and Rivest, Ronald L and Stein, Clifford and others},
  volume={2},
  year={2001},
  publisher={MIT press Cambridge}
}

@article{word,
  title={Learning to automatically solve algebra word problems},
  author={Kushman, Nate and Artzi, Yoav and Zettlemoyer, Luke and Barzilay, Regina},
  journal={ACL (1)},
  pages={271--281},
  year={2014}
}
